% This file was created with JabRef 2.7b.
% Encoding: UTF-8

@ARTICLE{aizawa_groundwater_2009,
    author = {K. Aizawa and Y. Ogawa and T. Ishido},
    title = {Groundwater flow and hydrothermal systems within volcanic edifices:
	Delineation by electric self-potential and magnetotellurics},
    journal = {J. Geophys. Res.},
    year = {2009},
    volume = {114},
    abstract = {The imaging of hydrothermal systems within volcanoes is critical in
	evaluating the nature and likelihood of future volcanic activity
	and hazard assessment. In this study, we present a conceptual model
	of the hydrothermal system in a volcanic edifice, as deduced from
	the relationship between electric self-potential {(SP)} and high-resolution
	resistivity structures. In order to develop a comprehensive model
	of water flow in volcanoes, we conducted the audiofrequency (10,000-0.3
	Hz) magnetotelluric surveys in five large stratovolcanoes {(Iwate,}
	Iwaki, Nasu, Nantai, and {Nikko-Shirane)} in Japan and found that
	the obtained {2-D} resistivity profiles have a close relationship
	to the previously reported {SP} data: good extensive conductors occur
	beneath areas without {SP} anomalies, whereas good localized conductors
	only occur beneath large spatial wavelength {SP} anomalies on the
	volcano side of the {SP} minimum. Also taking into account the locations
	of surface geothermal activity, the good conductors roughly correspond
	to the hydrothermal zone, whose upper limit is sealed by a low-permeability
	clay layer. The sealing layer separates an upper groundwater flow
	from a lower hydrothermal flow in the subsurface and controls the
	geothermal manifestations and river locations on the surface. We
	confirmed the feasibility of the proposed model based on numerical
	simulations of a hydrothermal system. The horizontal extent of the
	hydrothermal zone is highly heterogeneous even in a volcanic edifice.
	This heterogeneity can reflect the geological age of flanks that
	may be related to the occurrence of a previous large sector collapse.},
    annote = {exported from refbase (http://demo.refbase.net/show.php?record=30633),
	last updated on Tue, 17 Mar 2009 13:49:58 +0100},
    doi = {10.1029/2008JB005910},
    keywords = {1829 Hydrology: Groundwater hydrology, 8424 Volcanology: Hydrothermal
	systems, 8488 Volcanology: Volcanic hazards and risks, groundwater
	flow, hydrothermal system, magnetotellurics, resistivity structure,
	sector collapse, self-potential},
    shorttitle = {{Groundwater flow and hydrothermal systems within volcanic edifices}}
}

@BOOK{harel_rzecz_2008,
    title = {{Rzecz O Istocie Informatyki: Algorytmika}},
    publisher = {Wydawnictwa {Naukowo-Techniczne}},
    year = {2008},
    author = {David Harel and Yishai A Feldman and Zdzisław Płoski},
    series = {Klasyka Informatyki},
    address = {Warszawa},
    edition = {Wyd. 4 zm., rozsz},
    isbn = {9788320432954},
    lccn = {334000},
    shorttitle = {{Rzecz O Istocie Informatyki}}
}

@ARTICLE{kaleta_damping_2005,
    author = {J. Kaleta and P. Kijak and P. Zajac},
    title = {{Damping identification of magnetorheological elastomers. 22nd {DANUBIA-ADRIA}}
	Symposium on Experimental Methods in Solid Mechanics},
    journal = {Parma. Italy},
    year = {2005}
}

@INPROCEEDINGS{kaleta_experimental_2005,
    author = {J. Kaleta and D. Lewandowski and P. Zajac},
    title = {Experimental Identification of Magnetorheological Composites and
	Elastomers Properties},
    booktitle = {{Materials Science Forum}},
    year = {2005},
    volume = {482},
    pages = {403--406},
    publisher = {Aedermannsdorf, Switzerland: Trans Tech Publications, 1984-}
}

@MISC{moskwa_rozwj_2009,
    author = {Krzysztof Moskwa and Piotr Rossa},
    title = {Rozwój bibliotek cyfrowych i repozytoriów elektronicznych na Dolnym
	Śląsku w latach 2004-2008},
    howpublished = {\url{http://eprints.rclis.org/17102/}},
    month = oct,
    year = {2009},
    note = {{DEVELOPMENT} {OF} {DIGITAL} {LIBRARIES} {AND} {ELECTRONIC} {REPOSITORIES}
	{IN} {LOWER} {SILESIA} {IN} {YEARS} 2004-2008 [title]. In following
	elaboration were presented digital libraries and electronic repositories
	operating in Lower Silesia region in years 2004-2008. General description
	of character and size of their collections was presented, as well
	as standards and methods of digital collections management and juridical
	aspects of this management. Potential of usage of digital collections
	in regional scientific researches was described.},
    keywords = {{ED.} Intellectual property: author's rights, ownership, copyright,
	copyleft., {HL.} Databases and database Networking., {HP.} e-resources.,
	{HS.} Repositories., {IF.} Information transfer: protocols, formats,
	techniques., {LJ.} Software.},
    type = {Book Chapter},
    url = {http://eprints.rclis.org/17102/}
}

@MISC{myszka_latex_2009,
    author = {Wojtek Myszka},
    title = {{LaTeX} okiem redaktora (1)}},
    month = sep,
    year = {2009},
    journal = {Zapiski starego zgreda},
    keywords = {{DTP,} {LaTeX}},
    url = {\url{http://staryzgred.blogspot.com/2009/09/latex-okiem-redaktora-1.html}}
}

@MISC{wojciech_myszka_program_????,
    author = {Wojciech Myszka},
    title = {{Program kursu {INM6816L} w roku akademickim 2008/2009}},
    howpublished = {{file:///home/myszka/Dokumenty/sandbox/aaa.html}},
    url = {file:///home/myszka/Dokumenty/sandbox/aaa.html}
}

@MISC{wojciech_myszka_minimalny_2009,
    author = {Wojciech Myszka},
    title = {{Minimalny zestaw metadanych rozpoznawany przez Zotero}},
    howpublished = {{file:///home/myszka/Dokumenty/MindMaps/metadata.html}},
    month = may,
    year = {2009},
    note = {Materialy pomocnicze do seminarium},
    keywords = {Zotero},
    type = {Text},
    url = {file:///home/myszka/Dokumenty/MindMaps/metadata.html}
}

@BOOK{tp-11-latex,
    title = {Praca magisterska i dyplomowa z programem LaTeX. Jak szybko tworzyć
	profesjonalnie wyglądające dokumenty},
    publisher = {Wolters Kluwer Polska},
    year = {2011},
    author = {Tomasz Przechlewski},
    address = {Warszawa},
    note = {Przykłady wykorzystania można znaleźć w: \url{http://www.ctan.org/pkg/przechlewski-book}},
    isbn = {978-83-264-1441-1}
}

@MISC{jerzy_witek_praca_2006,
    author = {Jerzy Świątek},
    title = {{Praca dyplomowa -- zalecenia edytorskie}},
    howpublished = {\url{http://www.immt.pwr.wroc.pl/~myszka/INM6816L/Dyplom/dyplom_wyglad_WIZ.html}},
    month = may,
    year = {2006},
    keywords = {Wydział Informatyki i Zarządzania, Praca dyplomowa, zalecenia edytorskie},
    type = {Text},
    url = {http://www.immt.pwr.wroc.pl/~myszka/INM6816L/Dyplom/dyplom_wyglad_WIZ.html}
}

@MISC{docker_compose_reference,
    author = {{Docker Inc.}},
    title = {{Compose file version 3 reference}},
    howpublished = {\url{https://docs.docker.com/compose/compose-file/}},
    type = {Text},
    url = {https://docs.docker.com/compose/compose-file/},
    note = {ost. dost. 12 listopada 2018}
}

@Misc{tech:javadoc,
    author = {{Oracle}},
    title = {{JavaDoc}},
    howpublished = {\url{https://docs.oracle.com/javase/8/docs/technotes/tools/windows/javadoc.html}},
    note = {Dostęp 19.11.2019},
    url = {https://docs.oracle.com/javase/8/docs/technotes/tools/windows/javadoc.html},
}

@BOOK{philips-edwards-2009,
    title = {{Managing Talent Retention: An ROI Approach}},
    publisher = {Pfeiffer},
    year = {2009},
    author = {J. Philips and L. Edwards},
    address = {San Francisco},
    url = {https://books.google.pl/books?id=UiLWRCNdrykC},
% streszczenie kosztów: https://badaniahr.pl/biblioteka/rotacja-pracownikow-koszty-rodzaje-przyczyny/129
}

@BOOK{wozniak-2016,
    title = {{Fluktuacja informatyków i jej przyczyny w świetle wyników badań}},
    publisher = {Wyższa Szkoła Finansów i Zarządzania},
    year = {2016},
    author = {J. Woźniak},
    address = {Warszawa},
}

@BOOK{cron-2006,
    title = {{Darlymple’S Sales Management}},
    publisher = {John Wiley & Sons, Inc},
    year = {2006},
    author = {W. L. Cron and Th. E. DeCarlo},
    address = {New Jersey},
}

@BOOK{pocztowski-2009,
    title = {{Procesy płynności i retencji zatrudnienia w organizacji}},
    publisher = {Wydawnictwo Uniwersytetu Ekonomicznego w Krakowie},
    year = {2009},
    author = {A. Pocztowski},
    address = {Kraków},
}

@BOOK{pocztowski-2007,
    title = {{Zarządzanie zasobami ludzkimi}},
    publisher = {PWE},
    year = {2007},
    author = {A. Pocztowski},
    address = {Warszawa},
}

@ARTICLE{spychala-2019,
    title = {{Employer branding – nowoczesne rozwiązanie problemu rotacji pracowników}},
    publisher = {Wydawnictwo Politechniki Poznańskiej},
    year = {2019},
    author = {M. Spychała and T. Bartecki and M. Brzózka},
    address = {Poznań},
    journal = {Zeszyty Naukowe Politechniki Poznańskiej. Organizacja i Zarządzanie},
}

@BOOK{krol-ludwiczynski-2006,
    title = {{Zarządzanie zasobami ludzkimi. Podręcznik.}},
    publisher = {Wydawnictwo Naukowe PWN},
    year = {2006},
    author = {H. Król and A. Ludwiczyński},
    address = {Warszawa},
}

@BOOK{taylor-2006,
    title = {{Płynność zatrudnienia. Jak zatrzymać pracowników w firmie}},
    publisher = {Oficyna Wolters Kluwer},
    year = {2006},
    author = {S. Taylor},
    address = {Kraków},
}

@Article{dalton-1982,
    title = {{Turnover overstated: A functional Taxonomy}},
    journal = {Academy of Management Review},
    volume = {7},
    year = {1982},
    author = {D. R. Dalton and W. D. Todor and D. M. Krackhardt}
}

@BOOK{wozniak-2012,
    title = {{Współczesne systemy motywacyjne}},
    publisher = {Wydawnictwo Naukowe PWN},
    year = {2012},
    author = {J. Woźniak},
    address = {Warszawa},
}

@Article{steel-2009,
    title = {{Turnover process models: Review and synthesis of a conceptual literature}},
    journal = {Human Resource Management Review},
    volume = {19},
    year = {2009},
    author = {R. P. Steel and J. W. Lounsbury},
    address = {Arkansas},
}

@MISC{daxx-2021,
    author = {{Daxx}},
    title = {{The Software Developer Shortage in the US and the Global Tech Talent Shortage in 2022}},
    howpublished = {\url{https://www.daxx.com/blog/development-trends/software-developer-shortage-us}},
    url = {https://www.daxx.com/blog/development-trends/software-developer-shortage-us},
    year = {2022},
    note = {Dostęp 17.01.2022}
}

@MISC{daxx-nordic-2020,
    author = {{Daxx}},
    title = {{Talent Shortage in the Nordics: How Norway, Sweden, Finland, and Denmark Can Solve the Software Developer Shortage in 2021}},
    howpublished = {\url{https://www.daxx.com/blog/development-trends/nordics-tech-talent-shortage}},
    url = {https://www.daxx.com/blog/development-trends/nordics-tech-talent-shortage},
    year = {2020},
    note = {Dostęp 17.01.2022}
}

@MISC{hairing-dev-2021,
    author = {T. Winter},
    title = {{Have you ever wondered how much it costs to recruit a new programmer? The numbers may surprise you.}},
    howpublished = {\url{https://devskiller.com/true-cost-of-recruiting-a-developer-infographic}},
    url = {https://devskiller.com/true-cost-of-recruiting-a-developer-infographic},
    year = {2016},
    note = {Dostęp 17.01.2022}
}

@MISC{us-news-2022,
    author = {{U.S.News}},
    title = {{Software Developer}},
    year = {2022},
    howpublished = {\url{https://money.usnews.com/careers/best-jobs/software-developer}},
    url = {https://money.usnews.com/careers/best-jobs/software-developer},
    note = {Dostęp 17.01.2022}
}

@MISC{so-survey-2020,
    author = {{Stack Overflow}},
    title = {{2020 Developer Survey}},
    year = {2020},
    howpublished = {\url{https://insights.stackoverflow.com/survey/2020}},
    url = {https://insights.stackoverflow.com/survey/2020},
    note = {Dostęp 23.05.2022}
}

@MISC{so-survey-info,
    author = {{Stack Overflow}},
    title = {{Stack Overflow Annual Developer Survey}},
    year = {2011},
    howpublished = {\url{https://insights.stackoverflow.com/survey}},
    url = {https://insights.stackoverflow.com/survey},
    note = {Dostęp 06.06.2022}
}

@BOOK{kozlowski-2012,
    title = {{Employer branding. Budowanie wizerunku pracodawcy krok po kroku.}},
    publisher = {Oficyna Wolter Kluwer},
    year = {2012},
    author = {M. Kozłowski},
    address = {Warszawa},
}

@article{jedynak-2010,
    title = {{Fluktuacja pracowników a wiedza organizacji}},
    publisher = {Wydawnictwo Uniwersytetu Jagiellońskiego},
    year = {2010},
    author = {P. Jedynak},
    address = {Kraków},
}

@article{sowinska-2014,
    title = {{Zadowolenie z pracy - problemy definicyjne}},
    journal = {Studia Ekonomiczne / Uniwersytet Ekonomiczny w Katowicach},
    volume = {197},
    year = {2014},
    author = {A. Sowińska},
    address = {Katowice},
%  url = {https://www.ue.katowice.pl/fileadmin/_migrated/content_uploads/04_Sowinska_Zadowolenie_z_pracy.pdf},
}

@article{robak-2013,
    title = {{Satysfakcja z pracy i jej wpływ na zachowania pracownicze}},
    journal = {Zeszyty Naukowe Politechniki Częstochowskiej. Zarządzanie},
    volume = {9},
    year = {2013},
    author = {E. Robak},
    address = {Częstochowa},
%  url = {http://sbc.org.pl/Content/359439/robak.pdf},
}

@BOOK{buzowska-2017,
    title = {{Zarządzanie personelem w organizacji. Wybrane problemy teorii i praktyki.}},
    author = {B. Buzowska and R. Paliga and K. Pujer},
    publisher = {Wydawnictwo Exante},
    year = {2017},
    address = {Wrocław},
}

@BOOK{juchnowicz-2010,
    title = {{Zarządzanie przez zaangażowanie. Koncepcja, Kontrowersje, Aplikacje.}},
    author = {M. Juchnowicz},
    publisher = {Polskie Wydawnictwo Ekonomiczne},
    year = {2010},
    address = {Warszawa},
}

@BOOK{shultz-2002,
    title = {{Psychologia a wyzwania dzisiejszej pracy}},
    author = {D.P. Schultz and S.E. Schultz},
    publisher = {Wydawnictwo Naukowe PWN},
    year = {2002},
    address = {Warszawa},
}

@Article{koziol-2011,
    title = {{Trychotomia czynnikow motywacji w pracy – zarys koncepcji.}},
    author = {L. Kozioł},
    journal = {Zeszyty Naukowe MWSE},
    year = {2011},
    address = {Tarnów},
    volume = {19},
    issue = {2},
}

@BOOK{mockus-2009,
    title = {{Succession: Measuring transfer of code and developer productivity}},
    author = {A. Mockus},
    publisher = {IEEE},
    year = {2009},
    address = {Vancouver},
}

@MISC{kapor-2017,
    author = {{Kapor Center}},
    title = {{Tech leavers study}},
    year = {2017},
    howpublished = {\url{https://www.kaporcenter.org/tech-leavers}},
    url = {https://www.kaporcenter.org/tech-leavers},
    note = {Dostęp 18.03.2022}
}

@article{hannon-2008,
    author = {Westlund, Steven},
    year = {2008},
    month = {01},
    pages = {},
    title = {{Retaining talent: Assessing job satisfaction facets most significantly related to software developer turnover intentions}},
    volume = {19},
    journal = {International Journal of Information Technology and Management - IJITM}
}

@article{sharp-2014,
    author = {França, César and Sharp, Helen and Silva, Fabio},
    year = {2014},
    month = {09},
    pages = {},
    title = {{Motivated software engineers are engaged and focused, while satisfied ones are happy}},
    isbn = {978-1-4503-2774-9},
    journal = {International Symposium on Empirical Software Engineering and Measurement},
}

@inproceedings{donadelli-2015,
    title = {{The Impact of Knowledge Loss on Software Projects: Turnover, Customer Found Defects, and Dormant Files}},
    author = {Samuel M. Donadelli},
    year = {2015}
}

@article{rigby-2016,
    title = {{Quantifying and Mitigating Turnover-Induced Knowledge Loss: Case Studies of Chrome and a Project at Avaya}},
    author = {Peter C. Rigby and Yue Cai Zhu and Samuel M. Donadelli and Audris Mockus},
    journal = {2016 IEEE/ACM 38th International Conference on Software Engineering (ICSE)},
    year = {2016},
    pages = {1006-1016}
}

@article{storey-2021,
    title = {{Towards a Theory of Software Developer Job Satisfaction and Perceived Productivity}},
    author = {Margaret-Anne D. Storey and Thomas Zimmermann and Christian Bird and Jacek Czerwonka and Brendan Murphy and Eirini Kalliamvakou},
    journal = {IEEE Transactions on Software Engineering},
    year = {2021},
    volume = {47},
    pages = {2125-2142}
}

@article{johnson-2021,
    title = {{The Effect of Work Environments on Productivity and Satisfaction of Software Engineers}},
    author = {Brittany Johnson and Thomas Zimmermann and Christian Bird},
    journal = {IEEE Transactions on Software Engineering},
    year = {2021},
    volume = {47},
    pages = {736-757}
}

@article{noll-2017,
    title = {{Motivation and Autonomy in Global Software Development: An Empirical Study}},
    author = {John Noll and Mohammad Abdur Razzak and Sarah Beecham},
    journal = {Proceedings of the 21st International Conference on Evaluation and Assessment in Software Engineering},
    year = {2017}
}

@inproceedings{beecham-2015,
    title = {{What Motivates Software Engineers Working in Global Software Development?}},
    author = {Sarah Beecham and John Noll},
    booktitle = {{PROFES}},
    year = {2015}
}

@article{bass-2018,
    title = {{Employee Retention and Turnover in Global Software Development: Comparing In-House Offshoring and Offshore Outsourcing}},
    author = {Julian M. Bass and Sarah Beecham and Mohammed Abdur Razzak and John Noll},
    journal = {2018 IEEE/ACM 13th International Conference on Global Software Engineering (ICGSE)},
    year = {2018},
    pages = {77-86}
}

@article{graziotin-2018,
    title = {{What happens when software developers are (un)happy}},
    author = {Daniel Graziotin and Fabian Fagerholm and Xiaofeng Wang and P. Abrahamsson},
    journal = {ArXiv},
    year = {2018},
    volume = {432}
}

@inproceedings{graziotin-2017,
    title = {{On the Unhappiness of Software Developers}},
    author = {Daniel Graziotin and de Fabian Fagerholm and Fabian Fagerholm and Xiaofeng Wang},
    year = {2017}
}

@inproceedings{aasheim-2009,
    title = {{Knowledge and Skill Requirements for Entry-Level Information Technology Workers: Do Employers in the IT Industry View These Differently than Employers in Other Industries?}},
    author = {Cheryl Aasheim and Susan Rebstock Williams},
    year = {2009}
}

@MISC{prodata-2020,
    author = {{Prodata Consult}},
    title = {{Zmiany na rynku technologicznym}},
    year = {2021},
    howpublished = {\url{https://prodataconsult.pl/media/ProData_Consult-Raport_Rynkowy_2021.pdf}},
    url = {https://prodataconsult.pl/media/ProData_Consult-Raport_Rynkowy_2021.pdf},
    note = {Dostęp 18.03.2022}
}

@inproceedings{rosinski-2012,
    title = {{Postawy pracowników branży IT wobec zatrudniających organizacji jako wyzwanie dla rozwoju firm informatycznych}},
    author = {Jerzy Rosiński},
    year = {2012}
}

@article{brylka-2019,
    title = {{Branża IT - wyzwania związane z zarządzaniem kapitałem ludzkim}},
    year = {2019},
    author = {Krawczyk-Bryłka, Beata},
    journal = {Edukacja Ekonomistów i Menedżerów. Problemy. Innowacje. Projekty},
    volume = {52},
    pages = {83-95},
}

@Article{james-2012,
    title = {{Employee Retention Strategies: IT Industry}},
    author = {L. James and L. Mathew},
    journal = {SCMS Journal of Indian Management},
    year = {2012},
    address = {Aluva},
    volume = {9},
    issue = {3},
}

@MISC{linkedin-2018,
    author = {Michael Booz},
    title = {{These 3 Industries Have the Highest Talent Turnover Rates}},
    year = {2018},
    howpublished = {\url{https://www.linkedin.com/business/talent/blog/talent-strategy/industries-with-the-highest-turnover-rates}},
    url = {https://www.linkedin.com/business/talent/blog/talent-strategy/industries-with-the-highest-turnover-rates},
    note = {Dostęp 18.03.2022}
}

@Article{von-neumann-2020,
    title = {{Computer Fundamentals - Von Neumann Model}},
    year = {2020},
    author = {J. Riya},
    address = {San Francisco},
    url = {https://littleflowercollege.edu.in/upload/e_contents/files/bee9c73e8f5c80f4894e761a82210181.pdf},
    note = {Dostęp 18.03.2022}
}

@article{web-2.0-2007,
    author = {Yakovlev, Ilya},
    year = {2007},
    month = {12},
    pages = {43-45},
    title = {{Web 2.0: Is It Evolutionary or Revolutionary?}},
    volume = {9},
    journal = {IT Professional},
}

@Article{rangarajan-2014,
    title = {{Evolution of Global IT Services Industry: Impact of Technological advancements and Business needs}},
    year = {2014},
    author = {K. Rangarajan and S. Tiwari},
    journal ={IOSR Journal of Business and Management},
    volume = {16}
}

@Article{punnoose-2016,
    title = {{Prediction of Employee Turnover in Organizations using Machine Learning Algorithms}},
    year = {2016},
    author = {Rohit Punnoose and Pankaj Ajit},
    journal ={International Journal of Advanced Research in Artificial Intelligence},
    volume = {5}
}

@MISC{aws-2017,
    author = {Alex Alabbas},
    title = {{A Brief History of AWS}},
    year = {2017},
    howpublished = {\url{https://mediatemple.net/blog/cloud-hosting/brief-history-aws/}},
    url = {https://mediatemple.net/blog/cloud-hosting/brief-history-aws/},
    note = {Dostęp 18.03.2022}
}

@MISC{iphone-2018,
    author = {D. Pierce, L. Goode},
    title = {{The WIRED Guide to the iPhone}},
    year = {2018},
    howpublished = {\url{https://www.wired.com/story/guide-iphone/}},
    url = {https://www.wired.com/story/guide-iphone/},
    note = {Dostęp 18.03.2022}
}

@MISC{piih-2021,
    author = {{PAIH}},
    title = {{Polska Izba Informatyki i Telekomunikacji i Polska Agencja Inwestycji i Handlu łączą siły by promować branżę teleinformatyczną}},
    year = {2021},
    howpublished = {\url{https://www.paih.gov.pl/20210322/wspolpraca_piit_i_paih}},
    url = {https://www.paih.gov.pl/20210322/wspolpraca_piit_i_paih},
    note = {Dostęp 18.03.2022}
}

@MISC{hackerrank-2021,
    author = {R. Trikha},
    title = {{Which Country Would Win in the Programming Olympics?}},
    year = {2021},
    howpublished = {\url{https://blog.hackerrank.com/which-country-would-win-in-the-programming-olympics/}},
    url = {https://blog.hackerrank.com/which-country-would-win-in-the-programming-olympics/},
    note = {Dostęp 18.03.2022}
}

@MISC{softwaremind-2021,
    author = {{Software Mind}},
    title = {{Why choose Poland for IT Outsourcing in 2021?}},
    year = {2021},
    howpublished = {\url{https://softwaremind.com/why-choose-poland-for-it-outsourcing-top-factors/}},
    url = {https://softwaremind.com/why-choose-poland-for-it-outsourcing-top-factors/},
    note = {Dostęp 18.03.2022}
}

@MISC{it-benefits-2020,
    author = {K. Rojewska},
    title = {{Najciekawsze benefity oferowane przez firmy IT}},
    year = {2020},
    howpublished = {\url{https://nofluffjobs.com/blog/najciekawsze-benefity-oferowane-przez-firmy-it/}},
    url = {https://nofluffjobs.com/blog/najciekawsze-benefity-oferowane-przez-firmy-it/},
    note = {Dostęp 18.03.2022}
}

@book{martin-2014,
    title = {{Czysty kod}},
    author = {Robert C. Martin},
    publisher = {Helion},
    year = {2014},
    address = {Gliwice}
}

@MISC{it-covid-2021,
    author = {A. Kalbarczyk},
    title = {{Sytuacja na rynku pracy IT w dobie koronawirusa}},
    year = {2021},
    howpublished = {\url{https://itwiz.pl/sytuacja-na-rynku-pracy-it-w-dobie-koronawirusa}},
    url = {https://itwiz.pl/sytuacja-na-rynku-pracy-it-w-dobie-koronawirusa},
    note = {Dostęp 26.05.2022}
}

@MISC{it-polyglots-2015,
    author = {J. Z. Sonmez},
    title = {{Specialists vs. polyglots – What kind of software developer are you?}},
    year = {2015},
    howpublished = {\url{https://jaxenter.com/specialists-vs-polyglots-what-kind-of-software-developer-are-you-120333.html}},
    url = {https://jaxenter.com/specialists-vs-polyglots-what-kind-of-software-developer-are-you-120333.html},
    note = {Dostęp 26.05.2022}
}

@MISC{pasterczyk-2021,
    author = {J. Pasterczyk},
    title = {{Przymusowy powrót do biura z home office? W branży IT 64 proc. wróciłoby z wypowiedzeniem}},
    year = {2021},
    howpublished = {\url{https://geek.justjoin.it/przymusowy-powrot-do-biura-z-home-office-w-branzy-it-64-proc-wrociloby-z-wypowiedzeniem}},
    url = {https://geek.justjoin.it/przymusowy-powrot-do-biura-z-home-office-w-branzy-it-64-proc-wrociloby-z-wypowiedzenieml},
    note = {Dostęp 26.05.2022}
}

@MISC{blaszczak-2022,
    author = {A. Błaszczak},
    title = {{Wojna nasili niedobór kadr w IT. Napływ nowych zleceń do Polski}},
    year = {2022},
    howpublished = {\url{https://www.rp.pl/rynek-pracy/art35856021-wojna-nasili-niedobor-kadr-w-it-naplyw-nowych-zlecen-do-polski}},
    url = {https://www.rp.pl/rynek-pracy/art35856021-wojna-nasili-niedobor-kadr-w-it-naplyw-nowych-zlecen-do-polski},
    note = {Dostęp 26.05.2022}
}

@MISC{overby-2022,
    author = {S. Overby},
    title = {{Wojna w Ukrainie stawia globalny outsourcing IT w trudnej sytuacji}},
    year = {2022},
    howpublished = {\url{https://www.computerworld.pl/news/Wojna-w-Ukrainie-stawia-globalny-outsourcing-IT-w-trudnej-sytuacji,437151.html}},
    url = {https://www.computerworld.pl/news/Wojna-w-Ukrainie-stawia-globalny-outsourcing-IT-w-trudnej-sytuacji,437151.html},
    note = {Dostęp 26.05.2022}
}

@MISC{ulan-2022,
    author = {G. Ułan},
    title = {{Złoty okres na specjalistów IT - wyglada na to, że praca zdalna pozostanie w branży IT na stałe}},
    year = {2022},
    howpublished = {\url{https://antyweb.pl/praca-zdalna-w-it}},
    url = {https://antyweb.pl/praca-zdalna-w-it},
    note = {Dostęp 26.05.2022}
}

@MISC{nesh-2021,
    author = {{Nesh}},
    title = {{Employee Turnover = Knowledge Loss? Let’s change the equation}},
    year = {2021},
    howpublished = {\url{https://hellonesh.io/employee-turnover-knowledge-loss-lets-change-the-equation}},
    url = {https://hellonesh.io/employee-turnover-knowledge-loss-lets-change-the-equation},
    note = {Dostęp 26.05.2022}
}

@MISC{truck-factor-2005,
    author = {M. Berteig},
    title = {{Truck Factor}},
    year = {2005},
    howpublished = {\url{https://www.agileadvice.com/2005/05/15/agilemanagement/truck-factor/}},
    url = {https://www.agileadvice.com/2005/05/15/agilemanagement/truck-factor/},
    note = {Dostęp 26.05.2022}
}

@MISC{hdi,
    author = {{United Nations Development Programme}},
    title = {{Human Development Index}},
    year = {2021},
    howpublished = {\url{https://hdr.undp.org/en/content/human-development-index-hdi}},
    url = {https://hdr.undp.org/en/content/human-development-index-hdi},
    note = {Dostęp 06.06.2022}
}


@MISC{harathi-2018,
    author = {Pranav Harathi},
    title = {{Stack Overflow Survey Analysis}},
    year = {2018},
    howpublished = {\url{https://medium.com/@s.pranav.harathi/stack-overflow-survey-analysis-ed45127691b}},
    url = {https://medium.com/@s.pranav.harathi/stack-overflow-survey-analysis-ed45127691b},
    note = {Dostęp 06.06.2022}
}

@MISC{golarnyk-2021,
    author = {Michael Galarnyk},
    title = {{How to Speed Up XGBoost Model Training}},
    year = {2021},
    howpublished = {\url{https://www.anyscale.com/blog/how-to-speed-up-xgboost-model-training}},
    url = {https://www.anyscale.com/blog/how-to-speed-up-xgboost-model-training},
    note = {Dostęp 06.06.2022}
}

@MISC{rmse-good-value,
    author = {{ResearchGate}},
    title = {{What's the acceptable value of Root Mean Square Error (RMSE), Sum of Squares due to error (SSE) and Adjusted R-square?}},
    year = {2017},
    howpublished = {\url{https://www.researchgate.net/post/Whats-the-acceptable-value-of-Root-Mean-Square-Error-RMSE-Sum-of-Squares-due-to-error-SSE-and-Adjusted-R-square}},
    url = {https://www.researchgate.net/post/Whats-the-acceptable-value-of-Root-Mean-Square-Error-RMSE-Sum-of-Squares-due-to-error-SSE-and-Adjusted-R-square},
    note = {Dostęp 06.06.2022}
}

@MISC{r2-good-value,
    author = {Jason Fernando},
    title = {{R-Squared}},
    year = {2021},
    howpublished = {\url{https://www.investopedia.com/terms/r/r-squared.asp}},
    url = {https://www.investopedia.com/terms/r/r-squared.asp},
    note = {Dostęp 06.06.2022}
}

@MISC{r2-vs-rmse,
    author = {D. Alexander and A. Tropsha and D. Winkler},
    title = {{Beware of R2: simple, unambiguous assessment of the prediction accuracy of QSAR and QSPR models}},
    year = {2015},
    howpublished = {\url{https://www.ncbi.nlm.nih.gov/pmc/articles/PMC4530125/}},
    url = {https://www.ncbi.nlm.nih.gov/pmc/articles/PMC4530125/},
    note = {Dostęp 06.06.2022}
}